

@Book{mcstability,
author = {S.P. Meyn and R.L. Tweedie},
year = {1993},
title = {Markov chains and stochastic stability},
publisher = {Springer},
place={London}, 
}

@Book{mcmchb,
author = {Steve Brooks and Andrew Gelman and Galin L. Jones and Xiao-Li Meng },
year = {2011},
title = {Handbook of Markov Chain Monte Carlo},
publisher = {CRC},
}

@book{bayessm, 
place={Oxford}, 
title={Bayesian smoothing and regression for longitudinal, spatial and event history data}, 
publisher={Oxford University Press}, 
author={Fahrmeir, Ludwig and Kneib, Thomas}, 
year={2011}}

@Book{interbayes,
author = {Adriano Polpo and Francisco Louzada
and Laura L. R. Rifo and Julio M. Stern and
Marcelo Lauretto},
year = {2015},
title = {Interdisciplinary Bayesian Statistics},
publisher = {Springer}
}

@Book{statdec,
author = {James O. Berger},
year = {1985},
title = {Statistical Decision
Theory and
Bayesian Analysis},
publisher = {Springer},
edition = {2}
}

@ARTICLE{convhmc,
   author = {{Durmus}, A. and {Moulines}, E. and {Saksman}, E.},
    title = "{On the convergence of Hamiltonian Monte Carlo}",
  journal = {arXiv e-prints},
archivePrefix = "arXiv",
   eprint = {1705.00166},
 primaryClass = "stat.CO",
 keywords = {Statistics - Computation, Mathematics - Probability},
     year = 2017,
    month = apr,
   adsurl = {http://adsabs.harvard.edu/abs/2017arXiv170500166D},
  adsnote = {Provided by the SAO/NASA Astrophysics Data System}
}

@article{nuts,
  author  = {Matthew D. Hoffman and Andrew Gelman},
  title   = {The No-U-Turn Sampler: Adaptively Setting Path Lengths in Hamiltonian Monte Carlo},
  journal = {Journal of Machine Learning Research},
  year    = {2014},
  volume  = {15},
  pages   = {1593-1623},
  url     = {http://jmlr.org/papers/v15/hoffman14a.html}
}


